@manual{intel-prog-ref,
    title = "Intel Architecture Instruction Set Extensions Programmer Reference.
        Chapter 8: Intel Transactional Synchronization Extensions",
    url = http://software.intel.com/sites/default/files/m/9/2/3/41604,
    month = February,
    year = 2012
}

@manual{intel-opt-man,
    title = "Intel 64 and IA-32 Architectures Optimization Reference Manual.
        Chapter 12: Intel TSX Recommendations",
    url =
        https://www.intel.com/content/wwww/us/en/architecture-and-technology/64-ia-32-architectures-optimization-manual.html,
    month = July,
    year = 2013
}

@book{tm_2nd,
    author = "Tim Harris and James R. Laurus and Ravi Rajwar",
    title = "Transactional Memory",
    edition = Second,
    publisher = "Morgan and Claypool",
    year = 2010
}

@misc{tm_overview_schwahn,
    author = "Oliver Schwahn",
    title = "Transactional Memory: An Overview",
    year = 2011
} 
% not sure where this came from


